<record><leader>00000cas a22000007a 4500</leader><controlfield tag="001">11541810</controlfield><controlfield tag="008">850103d1973198uinuwr ne      0    0eng d</controlfield><datafield ind1=" " ind2=" " tag="010"><subfield code="a">sn 85047658 </subfield></datafield><datafield ind1=" " ind2=" " tag="040"><subfield code="a">NPI</subfield><subfield code="b">eng</subfield><subfield code="c">NPI</subfield><subfield code="d">OCLCQ</subfield></datafield><datafield ind1=" " ind2=" " tag="042"><subfield code="a">msc</subfield></datafield><datafield ind1="0" ind2="4" tag="245"><subfield code="a">The Southside challenger.</subfield></datafield><datafield ind1=" " ind2=" " tag="260"><subfield code="a">Greenwood, Ind. :</subfield><subfield code="b">Challenger Pub.</subfield></datafield><datafield ind1=" " ind2=" " tag="300"><subfield code="a">v. :</subfield><subfield code="b">ill.</subfield></datafield><datafield ind1=" " ind2=" " tag="310"><subfield code="a">Weekly</subfield></datafield><datafield ind1="1" ind2=" " tag="362"><subfield code="a">Began in 1973?</subfield></datafield><datafield ind1=" " ind2=" " tag="500"><subfield code="a">"Serving Greenwood, Southside, Southport, Beech Grove, Whiteland, New Whiteland, &lt;Feb. 25, 1976&gt;.</subfield></datafield><datafield ind1=" " ind2=" " tag="580"><subfield code="a">Also published in an Eastside ed. called: The Eastside challenger.</subfield></datafield><datafield ind1=" " ind2=" " tag="588"><subfield code="a">Description based on: Vol. 5, no. 1 (Feb. 25, 1976).</subfield></datafield><datafield ind1=" " ind2=" " tag="588"><subfield code="a">Latest issue consulted: Vol. 13, no. 2 (Jan. 11, 1984).</subfield></datafield><datafield ind1=" " ind2=" " tag="752"><subfield code="a">United States</subfield><subfield code="b">Indiana</subfield><subfield code="c">Johnson</subfield><subfield code="d">Greenwood.</subfield></datafield><datafield ind1=" " ind2=" " tag="752"><subfield code="a">United States</subfield><subfield code="b">Indiana</subfield><subfield code="c">Marion.</subfield></datafield><datafield ind1="1" ind2=" " tag="775"><subfield code="t">Eastside challenger</subfield><subfield code="w">(DLC)sn 87056476</subfield></datafield><datafield ind1="0" ind2="0" tag="785"><subfield code="t">Greenwood and Southside challenger</subfield><subfield code="x">1068-6673</subfield><subfield code="w">(DLC)sn 93002985</subfield></datafield><datafield ind1="1" ind2=" " tag="029"><subfield code="a">AU@</subfield><subfield code="b">000025837861</subfield></datafield></record>